<?xml version="1.0" encoding="UTF-8"?>
<record xmlns="http://www.loc.gov/MARC21/slim">
   <leader>00764cam a22001935  4500</leader>
   <controlfield tag="001">2754527</controlfield>
   <controlfield tag="003">NjP</controlfield>
   <controlfield tag="005">20171010172755.0</controlfield>
   <controlfield tag="008">881007s1970    ir            000 0 arard</controlfield>
   <datafield tag="024" ind1="7" ind2=" ">
      <subfield code="a">princeton_aco004307</subfield>
      <subfield code="2">local</subfield>
   </datafield>
   <datafield ind1=" " ind2=" " tag="035">
      <subfield code="a">(OCoLC)ocm18580296</subfield>
   </datafield>
   <datafield ind1=" " ind2=" " tag="035">
      <subfield code="9">CNE7681TS</subfield>
   </datafield>
   <datafield ind1=" " ind2=" " tag="040">
      <subfield code="a">WAU</subfield>
      <subfield code="c">WAU</subfield>
      <subfield code="d">PUL</subfield>
   </datafield>
   <datafield ind1="1" ind2=" " tag="100">
      <subfield code="a">Ṭūsī, Muḥammad ibn al-Ḥasan,</subfield>
      <subfield code="d">995-1067?</subfield>
      <subfield code="0">http://id.loc.gov/authorities/names/n80149963</subfield>
   </datafield>
   <datafield ind1="1" ind2="0" tag="245">
      <subfield code="a">Tahdhīb al-aḥkām fī sharḥ al-Muqniʻah</subfield>
      <subfield code="c">lil-Shaykh al-Mufīd. Ḥaqqaqah wa-ʻallaq ʻalayh Ḥasan al-Mūsawī al-Kharsān.</subfield>
   </datafield>
   <datafield ind1=" " ind2=" " tag="250">
      <subfield code="a">al-Ṭabʻah 3.</subfield>
   </datafield>
   <datafield ind1=" " ind2=" " tag="260">
      <subfield code="a">Teheran,</subfield>
      <subfield code="b">Dar al-Kutub al-Islāmīyah,</subfield>
      <subfield code="c">1970.</subfield>
   </datafield>
   <datafield ind1=" " ind2=" " tag="300">
      <subfield code="a">10 v.</subfield>
   </datafield>
   <datafield ind1="1" ind2="0" tag="600">
      <subfield code="a">Mufīd, Muḥammad ibn Muḥammad,</subfield>
      <subfield code="d">-1022.</subfield>
      <subfield code="t">Risālah al-muqniʻah.</subfield>
   </datafield>
   <datafield ind1=" " ind2=" " tag="945">
      <subfield code="a">F</subfield>
      <subfield code="b">1</subfield>
      <subfield code="c">2272.6642.827.1970</subfield>
      <subfield code="e">v.1-10</subfield>
   </datafield>
   <datafield ind1=" " ind2=" " tag="911">
      <subfield code="a">20000130</subfield>
   </datafield>
   <datafield ind1="8" ind2="1" tag="852">
      <subfield code="0">3065267</subfield>
      <subfield code="b">rcppa</subfield>
      <subfield code="t">1</subfield>
      <subfield code="h">2272.6642.827.1970</subfield>
      <subfield code="x">tr fr f</subfield>
   </datafield>
   <datafield ind1=" " ind2="0" tag="866">
      <subfield code="0">3065267</subfield>
      <subfield code="8">0</subfield>
      <subfield code="a">juz' 1-10</subfield>
   </datafield>
   <datafield ind1=" " ind2=" " tag="959">
      <subfield code="a">2003-03-21 09:23:25 -0500</subfield>
   </datafield>
</record>
